<?xml version="1.0" encoding="UTF-8"?><collection xmlns="http://www.loc.gov/MARC21/slim"><record><leader>00506nam--2200181-u-4500</leader><controlfield tag="001">000056345</controlfield><controlfield tag="002">20161230</controlfield><controlfield tag="005">20161230201052</controlfield><controlfield tag="008">150714s1000------------r-----000-0-eng-d</controlfield><datafield ind1=" " ind2=" " tag="040"><subfield code="a">IFIN-HH</subfield></datafield><datafield ind1="1" ind2=" " tag="100"><subfield code="a">Wangler, Thomas P</subfield></datafield><datafield ind1="1" ind2="0" tag="245"><subfield code="a">Rf linear accelerators</subfield><subfield code="c">Thomas p. wangler</subfield></datafield><datafield ind1=" " ind2=" " tag="250"><subfield code="a">Second, Completely Revised And Enlarged Edition</subfield></datafield><datafield ind1=" " ind2=" " tag="260"><subfield code="a">Weinheim</subfield><subfield code="b">Wiley-vch Verlag</subfield><subfield code="c">2008</subfield></datafield><datafield ind1=" " ind2=" " tag="300"><subfield code="a">XV+450P</subfield></datafield><datafield ind1=" " ind2=" " tag="490"><subfield code="a">Physics Textbook</subfield></datafield><datafield ind1=" " ind2=" " tag="852"><subfield code="a">82419</subfield><subfield code="c">621.386.4</subfield></datafield><datafield ind1=" " ind2=" " tag="CAT"><subfield code="a">Sys</subfield><subfield code="c">20160120</subfield><subfield code="h">153613</subfield></datafield></record></collection>